@article{angwin2016machine,
  title={Machine bias. ProPublica},
  author={Angwin, Julia and Larson, Jeff and Mattu, Surya and Kirchner, Lauren},
  journal={See https://www. propublica. org/article/machine-bias-risk-assessments-in-criminal-sentencing},
  year={2016}
}
@article{adadi2018peeking,
  title={Peeking inside the black-box: A survey on Explainable Artificial Intelligence (XAI)},
  author={Adadi, Amina and Berrada, Mohammed},
  journal={IEEE Access},
  volume={6},
  pages={52138--52160},
  year={2018},
  publisher={IEEE}
}
@article{stoica2017berkeley,
  title={A berkeley view of systems challenges for ai},
  author={Stoica, Ion and Song, Dawn and Popa, Raluca Ada and Patterson, David and Mahoney, Michael W and Katz, Randy and Joseph, Anthony D and Jordan, Michael and Hellerstein, Joseph M and Gonzalez, Joseph E and others},
  journal={arXiv preprint arXiv:1712.05855},
  year={2017}
}
@article{schelter2018automating,
  title={Automating large-scale data quality verification},
  author={Schelter, Sebastian and Lange, Dustin and Schmidt, Philipp and Celikel, Meltem and Biessmann, Felix and Grafberger, Andreas},
  journal={Proceedings of the VLDB Endowment},
  volume={11},
  number={12},
  pages={1781--1794},
  year={2018},
  publisher={VLDB Endowment}
}
@inproceedings{verma2018fairness,
  title={Fairness definitions explained},
  author={Verma, Sahil and Rubin, Julia},
  booktitle={2018 IEEE/ACM International Workshop on Software Fairness (FairWare)},
  pages={1--7},
  year={2018},
  organization={IEEE}
}
@article{corbett2018measure,
  title={The measure and mismeasure of fairness: A critical review of fair machine learning},
  author={Corbett-Davies, Sam and Goel, Sharad},
  journal={arXiv preprint arXiv:1808.00023},
  year={2018}
}
@article{das2020opportunities,
  title={Opportunities and challenges in explainable artificial intelligence (xai): A survey},
  author={Das, Arun and Rad, Paul},
  journal={arXiv preprint arXiv:2006.11371},
  year={2020}
}
@article{du2020fairness,
  title={Fairness in deep learning: A computational perspective},
  author={Du, Mengnan and Yang, Fan and Zou, Na and Hu, Xia},
  journal={IEEE Intelligent Systems},
  year={2020},
  publisher={IEEE}
}
@article{schneider2019personalized,
  title={Personalized explanation in machine learning: A conceptualization},
  author={Schneider, Johanes and Handali, Joshua},
  journal={arXiv preprint arXiv:1901.00770},
  year={2019}
}
@article{winfield2019machine,
  title={Machine ethics: the design and governance of ethical AI and autonomous systems},
  author={Winfield, Alan F and Michael, Katina and Pitt, Jeremy and Evers, Vanessa},
  journal={Proceedings of the IEEE},
  volume={107},
  number={3},
  year={2019},
  publisher={Institute of Electrical and Electronics Engineers}
}
@article{mishra2020measurement,
  title={Measurement in AI Policy: Opportunities and Challenges},
  author={Mishra, Saurabh and Clark, Jack and Perrault, C Raymond},
  journal={arXiv preprint arXiv:2009.09071},
  year={2020}
}
@book{mosley2010dama,
  title={DAMA guide to the data management body of knowledge},
  author={Mosley, Mark and Brackett, Michael H and Earley, Susan and Henderson, Deborah},
  year={2010},
  publisher={Technics Publications}
}
@article{alsheiabni2020winning,
  title={Winning AI Strategy: Six-Steps to Create Value from Artificial Intelligence},
  author={Alsheiabni, Sulaiman and Messom, Chris and Cheung, Yen and Alhosni, Mazoon},
  year={2020}
}
@article{peterson2004crafting,
  title={Crafting information technology governance},
  author={Peterson, Ryan},
  journal={Information systems management},
  volume={21},
  number={4},
  pages={7--22},
  year={2004},
  publisher={Taylor \& Francis}
}
@book{van2009enterprise,
  title={Enterprise governance of information technology: achieving strategic alignment and value},
  author={Van Grembergen, Wim and De Haes, Steven},
  year={2009},
  publisher={Springer Publishing Company, Incorporated}
}
@article{schn19,
author = {Schneider, Johannes and Abraham, Rene and Meske, Christian},
year = {2020},
month = {11},
pages = {1-20},
title = {AI GOVERNANCE FOR BUSINESSES}
}
@article{cihon2019standards,
  title={Standards for AI governance: international standards to enable global coordination in AI research \& development},
  author={Cihon, Peter},
  journal={Future of Humanity Institute. University of Oxford},
  year={2019}
}
@article{abraham2019data,
  title={Data governance: A conceptual framework, structured review, and research agenda},
  author={Abraham, Rene and Schneider, Johannes and vom Brocke, Jan},
  journal={International Journal of Information Management},
  volume={49},
  pages={424--438},
  year={2019},
  publisher={Elsevier}
}
@inproceedings{almeida2020artificial,
  title={Artificial Intelligence Regulation: A Meta-Framework for Formulation and Governance},
  author={Almeida, Patricia and Santos, Carlos and Farias, Josivania Silva},
  booktitle={Proceedings of the 53rd Hawaii International Conference on System Sciences},
  year={2020}
}
@article{morgulis2019fooling,
  title={Fooling a real car with adversarial traffic signs},
  author={Morgulis, Nir and Kreines, Alexander and Mendelowitz, Shachar and Weisglass, Yuval},
  journal={arXiv preprint arXiv:1907.00374},
  year={2019}
}
@article{ransbotham2019winning,
  title={Winning with AI},
  author={Ransbotham, Sam and Khodabandeh, Shervin and Fehling, Ronny and LaFountain, Burt and Kiron, David},
  journal={MIT Sloan Management Review},
  volume={61180},
  year={2019}
}
@article{jiang2019prediction,
  title={A prediction-driven mixture cure model and its application in credit scoring},
  author={Jiang, Cuiqing and Wang, Zhao and Zhao, Huimin},
  journal={European Journal of Operational Research},
  volume={277},
  number={1},
  pages={20--31},
  year={2019},
  publisher={Elsevier}
}
@inproceedings{mitchell2019model,
  title={Model cards for model reporting},
  author={Mitchell, Margaret and Wu, Simone and Zaldivar, Andrew and Barnes, Parker and Vasserman, Lucy and Hutchinson, Ben and Spitzer, Elena and Raji, Inioluwa Deborah and Gebru, Timnit},
  booktitle={Proceedings of the conference on fairness, accountability, and transparency},
  pages={220--229},
  year={2019}
}
@article{gebru2018datasheets,
  title={Datasheets for datasets},
  author={Gebru, Timnit and Morgenstern, Jamie and Vecchione, Briana and Vaughan, Jennifer Wortman and Wallach, Hanna and Daum{\'e} III, Hal and Crawford, Kate},
  journal={arXiv preprint arXiv:1803.09010},
  year={2018}
}
@article{goodman2017european,
  title={European Union regulations on algorithmic decision-making and a “right to explanation”},
  author={Goodman, Bryce and Flaxman, Seth},
  journal={AI magazine},
  volume={38},
  number={3},
  pages={50--57},
  year={2017}
}
@inproceedings{kim2018interpretability,
  title={Interpretability beyond feature attribution: Quantitative testing with concept activation vectors (tcav)},
  author={Kim, Been and Wattenberg, Martin and Gilmer, Justin and Cai, Carrie and Wexler, James and Viegas, Fernanda and others},
  booktitle={International conference on machine learning},
  pages={2668--2677},
  year={2018},
  organization={PMLR}
}
@article{kaushik2018did,
  title={Did the Model Understand the Question?},
  author={Kaushik Mudrakarta, Pramod and Taly, Ankur and Sundararajan, Mukund and Dhamdhere, Kedar},
  journal={arXiv},
  pages={arXiv--1805},
  year={2018}
}
@article{sundararajan2017axiomatic,
  title={Axiomatic attribution for deep networks},
  author={Sundararajan, Mukund and Taly, Ankur and Yan, Qiqi},
  journal={arXiv preprint arXiv:1703.01365},
  year={2017}
}
@article{westervelt2015medical,
  title={The medical research gender gap: how excluding women from clinical trials is hurting our health},
  author={Westervelt, Amy},
  journal={The Guardian},
  volume={30},
  year={2015}
}
@article{tankard2016gdpr,
  title={What the GDPR means for businesses},
  author={Tankard, Colin},
  journal={Network Security},
  volume={2016},
  number={6},
  pages={5--8},
  year={2016},
  publisher={Elsevier}
}
@article{bender2018data,
  title={Data statements for natural language processing: Toward mitigating system bias and enabling better science},
  author={Bender, Emily M and Friedman, Batya},
  journal={Transactions of the Association for Computational Linguistics},
  volume={6},
  pages={587--604},
  year={2018},
  publisher={MIT Press}
}
@book{garvie2016perpetual,
  title={The perpetual line-up: Unregulated police face recognition in America},
  author={Garvie, Clare},
  year={2016},
  publisher={Georgetown Law, Center on Privacy \& Technology}
}
@article{mann2016hiring,
  title={Hiring algorithms are not neutral},
  author={Mann, Gideon and O’Neil, Cathy},
  journal={Harvard Business Review},
  volume={9},
  year={2016}
}
@inproceedings{thelisson2017regulatory,
  title={Regulatory mechanisms and algorithms towards trust in AI/ML},
  author={Thelisson, Eva and Padh, Kirtan and Celis, L Elisa},
  booktitle={Proceedings of the IJCAI 2017 workshop on explainable artificial intelligence (XAI), Melbourne, Australia},
  year={2017}
}